@article {MR2118493,
    AUTHOR = {Saneblidze, Samson and Umble, Ronald},
     TITLE = {Diagonals on the permutahedra, multiplihedra and associahedra},
   JOURNAL = {Homology Homotopy Appl.},
  FJOURNAL = {Homology, Homotopy and Applications},
    VOLUME = {6},
      YEAR = {2004},
    NUMBER = {1},
     PAGES = {363--411},
      ISSN = {1532-0081},
   MRCLASS = {55U05 (05A18 52B05 55P35 81T30)},
  MRNUMBER = {2118493},
MRREVIEWER = {Alberto Cavicchioli},
       URL = {http://projecteuclid.org/euclid.hha/1139839559},
}